@book{hllhc-tdr:2017,
      author        = {G. Apollinari et al.},
      title         = "{High-Luminosity Large Hadron Collider (HL-LHC): Technical
                       Design Report V. 0.1}",
      publisher     = "CERN",
      address       = "Geneva",
      series        = "CERN Yellow Reports: Monographs",
      year          = "2017",
      url           = "https://cds.cern.ch/record/2284929",
      doi           = "10.23731/CYRM-2017-004",
}

@book{hgcal-tdr:2018,
	Author = {{CMS Collaboration}},
	Institution = {CERN},
	Publisher = {CERN-LHCC-2017-023 (CMS-TDR-019)},
	Title = {{The Phase-2 Upgrade of the CMS Endcap Calorimeter}},
	Url = {https://cds.cern.ch/record/2293646},
	Year = {2017}}


@article{pitters:array2019,
	Author = {{E. Brondolin et al.}},
	Journal = {Nuclear Inst. and Methods in Physics Research, A},
	Pages = {168-173},
	Title = {{ARRAY: An open source, modular and probe-card based system with integrated switching matrix for characterisation of large area silicon pad sensors}},
	Volume = {940},
	doi = {10.1016/j.nima.2019.06.007},
	Year = {2019}}

@ARTICLE{moll:SiDamages,
  author = {M. Moll},
  journal = {IEEE Transactions on Nuclear Science}, 
  title = {{Displacement Damage in Silicon Detectors for High Energy Physics}}, 
  year = {2018},
  volume = {65},
  number = {8},
  pages = {1561-1582},
  doi = {10.1109/TNS.2018.2819506}}

@article{MOLL199987,
title = {{Leakage current of hadron irradiated silicon detectors – material dependence}},
journal = {{NIM A}},
volume = {426},
number = {1},
pages = {87-93},
year = {1999},
issn = {0168-9002},
doi = {https://doi.org/10.1016/S0168-9002(98)01475-2},
url = {https://www.sciencedirect.com/science/article/pii/S0168900298014752},
author = {{M. Moll, E. Fretwurst and G. Lindström}}
}